@article{whittaker1915xviii,
  title={On the functions which are represented by the expansions of the interpolation-theory},
  author={Whittaker, Edmund Taylor},
  journal={Proceedings of the Royal Society of Edinburgh},
  volume={35},
  pages={181--194},
  year={1915},
  publisher={Royal Society of Edinburgh Scotland Foundation}
}

@article{hindsley1989period,
  title={The period-luminosity relation for Cepheid variable stars},
  author={Hindsley, RB and Bell, RA},
  journal={Astrophysical Journal, Part 1 (ISSN 0004-637X), vol. 341, June 15, 1989, p. 1004-1019.},
  volume={341},
  pages={1004--1019},
  year={1989}
}

@book{whittaker1935interpolatory,
  title={Interpolatory function theory},
  author={Whittaker, John Macnaghten},
  number={33},
  year={1935},
  publisher={The University Press}
}
@article{shannon1948mathematical,
  title={A mathematical theory of communication},
  author={Shannon, Claude Elwood},
  journal={The Bell system technical journal},
  volume={27},
  number={3},
  pages={379--423},
  year={1948},
  publisher={Nokia Bell Labs}
}

@book{kammler2007first,
  title={A first course in Fourier analysis},
  author={Kammler, David W},
  year={2007},
  publisher={Cambridge University Press}
}

@article{kolmogoroff1923serie,
  title={Une s{\'e}rie de {Fourier-Lebesgue} divergente presque partout},
  author={Kolmogoroff, Andrey},
  journal={Fundamenta mathematicae},
  volume={1},
  number={4},
  pages={324--328},
  year={1923}
}


@article{maier2019gentle,
  title={A gentle introduction to deep learning in medical image processing},
  author={Maier, Andreas and Syben, Christopher and Lasser, Tobias and Riess, Christian},
  journal={Zeitschrift f{\"u}r Medizinische Physik},
  volume={29},
  number={2},
  pages={86--101},
  year={2019},
  publisher={Elsevier}
}

@BOOK{Tufte2006,
	author = {Edward R. Tufte},
	title = {Beautiful Evidence},
	year = {2006},
	publisher = {Graphics Press, {LLC}},
	month = {May},
	edition = {First},
	place = {Cheshire, Connecticut},
	isbn = {0-9613921-7-7}
}

@BOOK{Tufte2001,
	author = {Edward R. Tufte},
	title = {The Visual Display of Quantitative Information},
	publisher = {Graphics Press},
	year = {2001},
	address = {Cheshire, Connecticut},
	isbn = {0-9613921-4-2}
}

@BOOK{Tufte1990,
	author = {Edward R. Tufte},
	title = {Envisioning Information},
	publisher = {Graphics Press},
	year = {1990},
	address = {Cheshire, Connecticut},
	isbn = {0-9613921-1-8}
}

@BOOK{Tufte1997,
	author = {Edward R. Tufte},
	title = {Visual Explanations},
	publisher = {Graphics Press},
	year = {1997},
	address = {Cheshire, Connecticut},
	isbn = {0-9613921-2-6}
}

@BOOK{Bringhurst2005,
	author = {Robert Bringhurst},
	title = {The Elements of Typography},
	publisher = {Hartley \& Marks},
	year = {2005},
	edition = {3.1},
	isbn = {0-88179-205-5}
}

@BOOK{Mittelbach2004,
	author = {Frank Mittelbach and Michel Goossens},
	title = {The \LaTeX\ Companion},
	publisher = {Addison--Wesley},
	year = {2004},
	edition = {Second},
	isbn = {0-201-36299-6}
}

@MISC{pkg-geometry,
    author = {Hideo Umeki},
    title = {The \texttt{geometry} package},
    year = {2008},
    month = dec,
    howpublished = {\url{http://ctan.org/pkg/geometry}}
}


